
%%%%

@article{origins-1810-03611,
  author    = {Marc{-}Etienne Brunet and
               Colleen Alkalay{-}Houlihan and
               Ashton Anderson and
               Richard S. Zemel},
  title     = {Understanding the Origins of Bias in Word Embeddings},
  journal   = {CoRR},
  volume    = {abs/1810.03611},
  year      = {2018},
  url       = {http://arxiv.org/abs/1810.03611},
  archivePrefix = {arXiv},
  eprint    = {1810.03611},
  timestamp = {Tue, 30 Oct 2018 10:49:09 +0100},
  biburl    = {https://dblp.org/rec/journals/corr/abs-1810-03611.bib},
  bibsource = {dblp computer science bibliography, https://dblp.org}
}

@article{lipstick-1903-03862,
  author    = {Hila Gonen and
               Yoav Goldberg},
  title     = {Lipstick on a Pig: Debiasing Methods Cover up Systematic Gender Biases
               in Word Embeddings But do not Remove Them},
  journal   = {CoRR},
  volume    = {abs/1903.03862},
  year      = {2019},
  url       = {http://arxiv.org/abs/1903.03862},
  archivePrefix = {arXiv},
  eprint    = {1903.03862},
  timestamp = {Sun, 31 Mar 2019 19:01:24 +0200},
  biburl    = {https://dblp.org/rec/journals/corr/abs-1903-03862.bib},
  bibsource = {dblp computer science bibliography, https://dblp.org}
}

@article{weat-1608-07187,
  author    = {Aylin Caliskan Islam and
               Joanna J. Bryson and
               Arvind Narayanan},
  title     = {Semantics derived automatically from language corpora necessarily
               contain human biases},
  journal   = {CoRR},
  volume    = {abs/1608.07187},
  year      = {2016},
  url       = {http://arxiv.org/abs/1608.07187},
  archivePrefix = {arXiv},
  eprint    = {1608.07187},
  timestamp = {Sat, 23 Jan 2021 01:20:12 +0100},
  biburl    = {https://dblp.org/rec/journals/corr/IslamBN16.bib},
  bibsource = {dblp computer science bibliography, https://dblp.org}
}

@article{biased_analogy-1607-06520,
  author    = {Tolga Bolukbasi and
               Kai{-}Wei Chang and
               James Y. Zou and
               Venkatesh Saligrama and
               Adam Kalai},
  title     = {Man is to Computer Programmer as Woman is to Homemaker? Debiasing
               Word Embeddings},
  journal   = {CoRR},
  volume    = {abs/1607.06520},
  year      = {2016},
  url       = {http://arxiv.org/abs/1607.06520},
  archivePrefix = {arXiv},
  eprint    = {1607.06520},
  timestamp = {Mon, 13 Aug 2018 16:46:57 +0200},
  biburl    = {https://dblp.org/rec/journals/corr/BolukbasiCZSK16a.bib},
  bibsource = {dblp computer science bibliography, https://dblp.org}
}

@misc{Wikiextractor2014,
  author = {Giusepppe Attardi},
  title = {WikiExtractor},
  year = {2014},
  publisher = {GitHub},
  journal = {GitHub repository},
  howpublished = {\url{https://github.com/attardi/wikiextractor}}
}

@inproceedings{rehurek_lrec,
      title = {{Software Framework for Topic Modelling with Large Corpora}},
      author = {Radim {\v R}eh{\r u}{\v r}ek and Petr Sojka},
      booktitle = {{Proceedings of the LREC 2010 Workshop on New
           Challenges for NLP Frameworks}},
      pages = {45--50},
      year = 2010,
      month = May,
      day = 22,
      publisher = {ELRA},
      address = {Valletta, Malta},
      language={English}
}

@article{caliskan2017semantics,
  title={Semantics derived automatically from language corpora contain human-like biases},
  author={Caliskan, Aylin and Bryson, Joanna J and Narayanan, Arvind},
  journal={Science},
  volume={356},
  number={6334},
  pages={183--186},
  year={2017},
  publisher={American Association for the Advancement of Science}
}

@article{lison2017redefining,
  title={Redefining context windows for word embedding models: An experimental study},
  author={Lison, Pierre and Kutuzov, Andrey},
  journal={arXiv preprint arXiv:1704.05781},
  year={2017}
}


@misc{zhao2018learning,
      title={Learning Gender-Neutral Word Embeddings}, 
      author={Jieyu Zhao and Yichao Zhou and Zeyu Li and Wei Wang and Kai-Wei Chang},
      year={2018},
      eprint={1809.01496},
      archivePrefix={arXiv},
      primaryClass={cs.CL}
}

@misc{mikolov2013exploiting,
      title={Exploiting Similarities among Languages for Machine Translation}, 
      author={Tomas Mikolov and Quoc V. Le and Ilya Sutskever},
      year={2013},
      eprint={1309.4168},
      archivePrefix={arXiv},
      primaryClass={cs.CL}
}

@article{agirre2009study,
  title={A study on similarity and relatedness using distributional and wordnet-based approaches},
  author={Agirre, Eneko and Alfonseca, Enrique and Hall, Keith and Kravalova, Jana and Pasca, Marius and Soroa, Aitor},
  year={2009}
}

@misc{mikolov2013distributed,
      title={Distributed Representations of Words and Phrases and their Compositionality}, 
      author={Tomas Mikolov and Ilya Sutskever and Kai Chen and Greg Corrado and Jeffrey Dean},
      year={2013},
      eprint={1310.4546},
      archivePrefix={arXiv},
      primaryClass={cs.CL}
}

@book{clark2013handbook,
  title={The handbook of computational linguistics and natural language processing},
  author={Clark, Alexander and Fox, Chris and Lappin, Shalom},
  year={2013},
  publisher={John Wiley \& Sons}
}